3364 5180
1050 739 1131 795 η’

201 823 266 904 Fit
286 818 419 894 summa
468 812 590 888 ofitiva
614 837 652 892 :a
690 841 762 908 720
1104 736 1125 814 ⁵

201 925 257 998 Sit
276 921 357 994 loco
382 945 404 986 x
445 913 650 986 ubstituatur
669 914 833 1015 qualibet
862 915 1039 1016 quantitas
1066 915 1175 988 inter·

149 1023 267 1101 media
287 1020 381 1092 inter
397 1043 439 1086 ο.
465 1013 674 1087 &radicem
702 1015 851 1113 primam
877 1041 926 1105 13
961 1013 1100 1087 summae
1132 1011 1172 1086 fi·

42 1199 44 1202 ,
154 1146 220 1197 unt
241 1119 309 1193 sem
337 1139 375 1187 er
392 1111 571 1214 positiva,
596 1138 669 1211 quae
680 1114 851 1214 gradatim
864 1113 1180 1214 augentur&post·

148 1243 295 1323 quama
340 1212 537 1286 maximum
567 1213 754 1312 pervenire
786 1214 1026 1306 minuuntur,
1060 1212 1175 1296 donec

151 1317 333 1397 iubstituta
354 1311 471 1386 radice
497 1339 511 1384 1
535 1307 597 1385 fiat
617 1309 749 1386 summa
768 1339 851 1386 zero
1266 1384 1270 1396 ,

36 1411 38 1420 “
92 1420 96 1428 ’
198 1413 401 1494 substitutis
425 1410 552 1486 deinde
581 1411 837 1512 quantitatibus
867 1411 1093 1490 intermediis
1123 1415 1177 1500 in·

147 1525 205 1599 tet
227 1516 380 1615 primam
400 1515 434 1585 &
456 1512 641 1585 secundam
661 1508 814 1585 radicem
836 1509 975 1587 summa
996 1511 1088 1589 fiunt
1117 1538 1177 1589 ne·

45 1687 47 1697 r
147 1618 280 1720 gativae
299 1639 367 1716 qua
386 1610 542 1686 crescunt
561 1609 664 1711 usque
685 1610 727 1684 ad
748 1637 883 1686 certum
905 1612 1082 1706 limitem,
1108 1639 1180 1714 quo

150 1713 360 1815 transgreffo
380 1711 581 1786 decrescunt
602 1707 707 1811 usque
726 1709 812 1783 dum
831 1707 1012 1786 substituta
1032 1712 1179 1787 secunda

75 1877 77 1881 .
151 1815 314 1902 radice4
339 1809 401 1884 fiat
428 1836 531 1884 zero.
1187 1820 1189 1824 ’

206 1911 395 1987 Substituta
413 1909 608 2008 quantitate
628 1908 837 1982 intermedia
858 1909 953 1983 inter
972 1909 1154 1988 secundam
1169 1943 1202 2004 ‚·

158 2021 196 2092 &
217 2013 360 2086 tertiam
381 2007 536 2082 radicem
555 2004 717 2099 summu,
743 2007 854 2082 rursus
873 2007 965 2083 fiunt
986 2010 1140 2109 pofitivae
1167 2067 1182 2106 ,

45 2143 48 2150 ·
186 2140 234 2190 uae
254 2110 434 2214 postquam
454 2105 498 2183 ad
518 2129 655 2180 certum
676 2131 863 2182 excrevere
882 2109 1079 2202 Limitem,
1104 2138 1181 2211 gra-

158 2145 273 2292 iatim
285 2202 511 2301 ‘'decrescunt,
537 2204 649 2280 donec
668 2205 782 2282 rursus
801 2207 844 2284 ad
865 2210 1009 2284 tertiam
1026 2209 1181 2284 radicem

62 2403 64 2406 Ι
161 2311 274 2412 9fiat
301 2337 406 2385 zeto.
961 2303 964 2308 ’

210 2411 400 2488 Substituta
419 2406 563 2482 demum
593 2407 793 2511 quantitate
827 2409 956 2509 majori
985 2436 1090 2512 quam
1122 2439 1183 2505 9,

158 2513 273 2594 rursus
292 2510 382 2586 fiunt
401 2511 540 2584 summa
560 2508 752 2614 negativa,
777 2535 852 2623 quae
873 2509 994 2586 eadem
1016 2514 1093 2615 lege
1112 2509 1182 2614 pri·

156 2643 221 2696 nto
241 2613 396 2689 crescunt
416 2611 497 2687 inde
527 2609 730 2685 decrescunt
759 2615 863 2685 uiue
892 2611 976 2688 dum
1003 2611 1184 2686 substituta

157 2739 284 2822 quarta
303 2714 419 2790 radice
441 2741 486 2787 20
507 2709 596 2787 fiant
616 2737 698 2786 zero
720 2738 732 2800 3
757 2639 833 2812 poi
851 2738 956 2814 quam
977 2713 1183 2786 substituen-

51 2831 53 2842 '
157 2823 207 2897 do
224 2814 401 2920 quaslibet
421 2813 638 2915 quantitates
657 2809 700 2887 fit
720 2811 851 2913 semper
869 2810 1002 2887 summa
1021 2811 1183 2915 pofitiva,

157 2918 292 3028 quain
311 2912 495 2992 infinitum
515 2912 702 2990 excrescit.

211 3023 438 3120 Quaecunque
483 3016 693 3109 uantitates,
718 3012 811 3088 inter
839 3042 925 3119 quas
954 3015 1019 3092 stat
1047 3013 1147 3094 radix
1171 3049 1185 3113 ·,

157 3119 236 3196 funt
255 3121 388 3194 Limites
405 3045 558 3218 ejuidem
577 3117 726 3209 radicis3
750 3118 824 3190 Veri
843 3145 960 3196 autem
970 3121 1122 3196 Limites
1132 3119 1184 3196 di·

158 3225 285 3294 'cuntur
303 3222 354 3316 ii,
378 3224 440 3322 qui
458 3219 633 3298 substituti
652 3220 735 3298 loco
752 3219 945 3326 incognita
967 3253 992 3300 κ
1014 3223 1100 3302 dant
1110 3223 1183 3299 ma·

160 3319 274 3420 simas
291 3316 477 3400 flammas.-
515 3423 518 3432 ¹
546 3399 555 3414 Ν,
