3376 5144
380 851 388 862 .
547 844 551 860 .
959 829 987 840 „
1022 828 1025 840 ·
1067 793 1110 854 11

176 887 220 985 pe'
239 857 398 955 infinitus
416 869 511 948 t'ertii
529 869 685 948 ordinis.
708 875 766 950 Ita
783 870 923 974 concipi
952 871 1090 976 possunt
1109 793 1187 942 rirfr·

180 983 258 1060 nita·
277 978 409 1078 quarti,
430 968 550 1074 ⁴qtrin'ti
569 971 705 1048 ordinis
724 975 763 1047 in
782 972 985 1050 infinitum.
1164 979 1199 1002 '⁴

230 1109 262 1172 4.
287 1079 323 1148 Si
343 1073 383 1146 fit
402 1071 503 1146 series
520 1071 737 1164 decrescent,
762 1095 802 1146 ut

197 1190 748 1248 .r·.1.1·-*1.··⁸1
777 1224 928 1252 .....
958 1197 973 1244 1

265 1269 468 1298 rur-s-
570 1271 607 1297 ·-t
721 1269 758 1295 -t
952 1271 990 1298 nt

194 1343 199 1354 ¹
283 1332 297 1382 1
366 1332 385 1374 2
953 1326 976 1368 fl

161 1459 163 1462 -
182 1405 326 1510 ultimus
346 1332 515 1482 termiirus
534 1327 604 1472 erit
621 1428 657 1526 L
677 1321 1058 1500 nerirpe'infinitefimus.

628 1555 652 1599 n
745 1599 748 1606 .

151 1637 152 1640 ’
193 1658 274 1726 ¹15.
309 1632 347 1704 Si
378 1632 467 1710 fiant
504 1631 706 1734 quadrata,
741 1631 884 1704 ultimus
922 1629 1104 1702 terminus·
1129 1628 1198 1700 erit

212 1763 234 1804 r-
256 1759 267 1817 3
293 1756 414 1832 nempe
433 1729 676 1812 infinitesrnrns
695 1728 835 1805 secundi
853 1727 1007 1804 ordinis.

190 1889 239 1938 nn·
292 1937 299 1944 ,,
351 1889 355 1905 ·
750 1933 752 1938 ,
989 1923 996 1936 .
1028 1925 1050 1944 ,,

242 1969 277 2032 6.
301 1957 447 2034 Sifiant
464 1961 569 2053 cubi‚'
592 1962 659 2035 etit
689 1987 704 2032 r
733 1985 858 2059 nempe
879 1953 1088 2060 infinitimus
1107 1955 1205 2030 tertii

683 2060 719 2153 Τ
1000 2075 1006 2090 e

664 2187 686 2232 n

197 2260 360 2334 ordinis.
386 2264 442 2336 Ita
469 2263 608 2362 concipi
638 2257 778 2361 poliunt
806 2254 1031 2334 infinitesrma
1059 2253 1211 2364 quarti,
1268 2250 1273 2273 ‘

199 2360 315 2460 quinti
327 2360 371 2432 'in
391 2357 591 2435 infinitum.
778 2367 782 2374 '
859 2362 864 2372 “
906 2363 937 2373 ”
1042 2367 1048 2376 “

253 2485 273 2550 7
299 2456 433 2530 Eadem
452 2461 567 2549 ratio,
592 2484 667 2559 quae
697 2457 884 2530 intercedit
912 2459 1007 2532 inter
1036 2454 1177 2530 finitum
1203 2507 1215 2542 ,

202 2559 243 2630 dr
256 2555 366 2658 ¹primi
385 2555 518 2636 ordinis
537 2553 739 2646 infinitum,
767 2555 955 2632 intercedit
976 2556 1068 2630 inter
1098 2550 1215 2626 infini-

203 2682 280 2728 tum
301 2654 406 2755 primi
426 2656 581 2748 ordinis,
607 2655 841 2730 &infinitum
861 2655 1019 2730 secundi.

257 2762 289 2826 8.
316 2759 365 2842 Et
384 2781 459 2855 quae
479 2756 570 2829 ratio
591 2755 775 2830 intercedit
795 2755 888 2828 intra
907 2752 1089 2828 infinitum
1111 2750 1216 2850 primi

186 2853 364 2944 ordinis,
389 2857 424 2927 dr
445 2851 586 2928 finitum
605 2853 653 2926 est
671 2855 763 2929 inter
782 2853 946 2944 finitum,
972 2853 1006 2922 δι
1038 2846 1218 2924 infinitesr.

206 2979 304 3028 nrum
324 2955 600 3050 primiordinis.
958 2991 961 2999 ¹
1136 2967 1139 2976 '

255 3083 288 3146 9.
314 3053 475 3129 Finitum
504 3053 782 3154 multiplicatum
811 3081 872 3153 pet
898 3051 1078 3128 infinitum
1117 3051 1222 3150 primi

205 3154 339 3228 ordinis
357 3153 416 3226 dat
436 3151 621 3228 infinitum
639 3157 745 3255 primi
766 3155 919 3228 ordinis.
943 3158 995 3229 Ut
1016 3149 1041 3224 fi
1061 3177 1082 3223 a
1102 3150 1223 3250 suppo·

211 3276 311 3340 natur
330 3254 507 3352 quantitas
527 3252 656 3344 finita,
681 3283 702 3323 n
730 3253 895 3345 infinita,
919 3253 1026 3355 primi
1053 3249 1188 3324 ordinis
1213 3304 1225 3342 ‚

211 3350 345 3427 aderit
364 3349 506 3424 infinita
527 3353 633 3451 primi
655 3353 809 3426 ordinis.

209 3543 211 3546 Ι
269 3475 321 3518 ιο.
349 3446 635 3546 Multiplirando
667 3449 850 3526 infinitum
878 3456 1033 3551 primum
1071 3472 1133 3544 per
1161 3448 1228 3544 pri·

216 3571 311 3615 mum
341 3569 381 3616 ut
413 3572 433 3614 n
463 3572 524 3644 per
550 3578 603 3642 n,
638 3547 680 3622 fit
710 3578 752 3621 tm
772 3577 895 3651 nempe
914 3549 1095 3624 infinitum
1115 3544 1231 3620 secun·

218 3633 341 3720 dumi,

195 3819 204 3830 ,
274 3769 327 3812 ιι.
352 3741 628 3842 Multiplicando
649 3751 802 3852 primum
826 3778 848 3824 rt
872 3777 933 3854 per
959 3745 1232 3852 serundtrrn'nn¹

200 3908 262 3983 *fit
287 3860 321 3979 tt3
334 3933 458 4008 nempe
484 3915 648 3993 tertium.

228 4039 229 4042 ¹
274 4035 327 4080 ιι.
352 4009 571 4085 Dividend'o‘
586 4016 764 4094 infinitum
790 3997 944 4122 priinurn
968 4025 1029 4122 'per
1055 4011 1236 4092 infinitum

219 4111 395 4209 primum,
422 4102 466 4184 fit
493 4110 658 4192 finitttnt.
682 4119 739 4192 Sic
764 4147 785 4189 n
809 4141 845 4197 z
868 4149 903 4192 ι
940 4133 942 4139 ’
1100 4143 1103 4155 ·

749 4219 785 4245 p.-

753 4271 774 4317 n

920 3901 936 3932 s
