3376 5144
709 858 714 872 .
782 834 785 839 ·
1059 769 1159 871 ¹²2*

303 880 703 1016 nortmanos
742 933 1081 1040 Hrnrronrs.

431 1141 926 1216 C·APUT'V.

170 1363 208 1423 ’1.
297 1349 328 1418 X
350 1339 499 1420 seriebus
519 1341 767 1420 Arithmeticis
796 1340 879 1418 alias
899 1339 1001 1416 series
1031 1345 1191 1418 efforma-

299 1443 674 1540 fflfflfflwJ

220 1546 275 1616 Sit
294 1541 409 1642 primo
430 1469 534 1617 feries
554 1541 816 1632 Arithmetica,
841 1539 936 1635 cujus
957 1543 1101 1615 termini
1130 1543 1189 1616 ha·

171 1646 281 1718 beant
300 1641 536 1718 differentiam
556 1671 671 1733 zero,
705 1642 740 1713 &
772 1642 816 1714 ab
849 1640 985 1713 unitate
1015 1641 1196 1740 incipiat,

175 1767 255 1815 turn
274 1740 431 1814 addendo
451 1742 621 1822 terminos
639 1739 682 1821 fit
702 1741 805 1822 series
823 1761 1073 1818 numeroorum
1103 1762 1201 1814 natu·

181 1838 284 1914 ralis.
325 1873 328 1879 ·
884 1839 887 1847 '
1083 1839 1088 1854 ’

228 1938 282 2012 Sit
303 1937 450 2012 secundo
469 1941 670 2015 loco-series
690 1967 763 2040 quae
793 1939 937 2040 incipiat
965 1939 1009 2012 ab
1040 1941 1197 2028 unitate,

184 2039 220 2110 δι
240 2036 478 2138 differentiam
499 2039 623 2114 habeat
639 2065 652 2110 1
667 2095 688 2135 ‚¹
704 2063 849 2140 tumque
862 2061 1032 2142 exurgunt
1044 2038 1200 2142 triangu-

185 2140 291 2211 lares.

229 2236 266 2308 Si
285 2237 481 2313 differentia
501 2239 548 2312 est
570 2268 612 2330 2,
637 2237 730 2313 fiunt
750 2235 910 2338 quadrati
921 2270 936 2326 ;
960 2237 985 2310 st
1008 2268 1052 2334 3,
1076 2240 1198 2310 Penta·

185 2336 291 2436 goni,
318 2337 341 2409 st
363 2357 408 2428 4,
431 2340 615 2440 Exagoni,
637 2339 677 2408 ·&
697 2339 747 2410 ita
768 2363 897 2436 porro,
917 2337 1012 2412 utin
1033 2335 1147 2440 figura

234 2435 347 2508 Series
367 2435 605 2512 Arithmetica
708 2464 816 2510 1.1..
852 2463 882 2512 t.
938 2466 967 2512 1.
1023 2466 1052 2512 1.
1109 2465 1141 2512 ι.

168 2539 173 2550 ’
233 2534 346 2605 Series
365 2535 592 2612 Naturalium
705 2563 735 2630 .¹·
763 2562 795 2610 2.
849 2565 881 2633 3.
930 2566 965 2630 4.
1022 2564 1052 2634 5.
1106 2545 1139 2610 6.

236 2633 350 2706 Series
371 2635 609 2708 Arithmetica
708 2663 738 2709 1.
767 2662 798 2709 2.
853 2665 883 2732 3.
934 2665 968 2728 4.
1025 2663 1055 2732 ς.
1109 2643 1143 2710 6.
1224 2721 1226 2727 A

239 2733 354 2808 Series
373 2733 646 2832 Trigonalinm'
713 2763 742 2808 1.
770 2766 802 2831 3.
856 2746 887 2807 6.
918 2762 972 2807 ιο.
1004 2757 1058 2826 ¹5·
1087 2759 1144 2804 21.

237 2832 354 2905 Series
375 2833 612 2908 Arithmetica
717 2861 745 2906 1.
773 2863 805 2930 3.
861 2861 889 2930 5.
941 2861 974 2924 7.
1023 2860 1059 2925 9.
1091 2857 1146 2904 ιι.

237 2930 351 3005 Series
372 2935 636 3028 Quadratorunr
718 2960 747 3016 ι.
773 2963 805 3026 4.
858 2963 890 3028 9.
921 2941 975 3005 16.
1002 2957 1060 3027 ος.
1088 2960 1147 3034 33.

235 3031 349 3106 Series
370 3029 626 3110 Arithmttica'
718 3061 747 3106 1.
773 3053 806 3126 4'.
860 3062 893 3127 7.
924 3061 977 3108 ιο.
1007 3059 1062 3126 13.
1093 3039 1147 3103 16.

196 3133 351 3232 ¹'Series
371 3137 659 3236 Pentagonorum
717 3163 746 3206 1.
778 3163 807 3231 ς.
840 3161 892 3208 12.
922 3161 977 3208 22.
1007 3159 1062 3228 35.
1093 3152 1148 3225 51.

239 3233 350 3303 Series
372 3234 612 3307 Arithmetica
718 3261 748 3305 1.
780 3264 809 3331 5.
863 3263 894 3330 9.
926 3263 980 3327 13.
1010 3260 1064 3324 17.
1093 3258 1149 3305 21.

243 3331 356 3429 Series
375 3333 628 3431 Exagonorum
720 3357 750 3403 1.
779 3345 810 3405 6.
842 3359 895 3428 15·
926 3341 981 3412 28·
1006 3357 1064 3426 45.
1093 3338 1149 3402 66.

241 3429 422 3500 Vocantur
448 3431 485 3500 hi
503 3431 644 3506 numeri
654 3429 894 3530 triangulares,
904 3427 1130 3530 quadrati&c.
1141 3451 1218 3524 pro·

196 3548 273 3624 pter
293 3527 487 3623 analogias,
511 3557 598 3630 quas
619 3533 748 3604 habent
770 3531 812 3603 ad
833 3529 930 3602 hasce
952 3525 1100 3624 figuras.

249 3650 278 3695 2.
305 3627 404 3694 Latus
422 3628 582 3722 Polygoni
604 3654 753 3721 iocatur
774 3651 937 3706 numerus
958 3624 1216 3716 terminorum,

199 3722 386 3824 exquibus
406 3724 610 3800 efformatur
630 3727 800 3804 terminus
820 3726 939 3800 seriei.

207 3903 211 3908 ,
251 3851 282 3923 3.
299 3823 472 3928 Numerus
506 3849 593 3896 vero
624 3827 791 3926 angularis
821 3825 867 3901 est
898 3853 1077 3926 exponens
1106 3822 1234 3926 figurae

198 3921 374 4021 analoghae
395 3924 437 3994 ad
459 3948 645 4018 numerum
665 3929 908 4029 Polygonum.
936 3931 992 4002 Ita
1013 3928 1051 3997 in
1072 3924 1224 4021 triangu-

11 4063 14 4121 ss
91 4109 93 4112 .
199 4024 330 4115 laribus
354 4020 400 4093 est
417 4021 466 4115 ’3,
493 4021 531 4095 in
552 4025 775 4120 quad1·ati4,‘
799 4055 837 4100 an
869 4026 1076 4136 pentagonis
1104 4049 1154 4117 5,
1188 4048 1225 4094 m

201 4121 369 4224 exagonis
395 4129 437 4212 6,
463 4125 497 4195 ἃ
518 4125 726 4222 generaliter
747 4127 883 4228 superat
905 4128 1042 4202 binarto
1062 4119 1225 4197 differen.

203 4222 291 4294 tiam
311 4220 409 4296 seriei
423 4223 666 4323 generatricis.
1064 4222 1177 4296 PRO·
